%YAML 1.1
%TAG !u! tag:unity3d.com,2011:
--- !u!1001 &100100000
Prefab:
  m_ObjectHideFlags: 1
  serializedVersion: 2
  m_Modification:
    m_TransformParent: {fileID: 0}
    m_Modifications: []
    m_RemovedComponents: []
  m_ParentPrefab: {fileID: 0}
  m_RootGameObject: {fileID: 1122780924300796}
  m_IsPrefabParent: 1
--- !u!1 &1122780924300796
GameObject:
  m_ObjectHideFlags: 0
  m_PrefabParentObject: {fileID: 0}
  m_PrefabInternal: {fileID: 100100000}
  serializedVersion: 5
  m_Component:
  - component: {fileID: 4005363198018378}
  - component: {fileID: 212519944110782088}
  - component: {fileID: 114142587650160028}
  - component: {fileID: 114829101570749920}
  - component: {fileID: 114401396265092770}
  - component: {fileID: 114113076972470672}
  - component: {fileID: 114636172155759372}
  - component: {fileID: 114395268599369528}
  - component: {fileID: 114052733322536894}
  m_Layer: 0
  m_Name: Luc
  m_TagString: Untagged
  m_Icon: {fileID: 0}
  m_NavMeshLayer: 0
  m_StaticEditorFlags: 0
  m_IsActive: 0
--- !u!4 &4005363198018378
Transform:
  m_ObjectHideFlags: 1
  m_PrefabParentObject: {fileID: 0}
  m_PrefabInternal: {fileID: 100100000}
  m_GameObject: {fileID: 1122780924300796}
  m_LocalRotation: {x: -0, y: -0, z: -0, w: 1}
  m_LocalPosition: {x: 8, y: -6, z: 0}
  m_LocalScale: {x: 1, y: 1, z: 1}
  m_Children: []
  m_Father: {fileID: 0}
  m_RootOrder: 0
  m_LocalEulerAnglesHint: {x: 0, y: 0, z: 0}
--- !u!114 &114052733322536894
MonoBehaviour:
  m_ObjectHideFlags: 1
  m_PrefabParentObject: {fileID: 0}
  m_PrefabInternal: {fileID: 100100000}
  m_GameObject: {fileID: 1122780924300796}
  m_Enabled: 1
  m_EditorHideFlags: 0
  m_Script: {fileID: 11500000, guid: c6b592f73c40ee543b4a91a132c2a574, type: 3}
  m_Name: 
  m_EditorClassIdentifier: 
--- !u!114 &114113076972470672
MonoBehaviour:
  m_ObjectHideFlags: 1
  m_PrefabParentObject: {fileID: 0}
  m_PrefabInternal: {fileID: 100100000}
  m_GameObject: {fileID: 1122780924300796}
  m_Enabled: 1
  m_EditorHideFlags: 0
  m_Script: {fileID: 11500000, guid: 03942de37db743040a679af8cfa7f3ba, type: 3}
  m_Name: 
  m_EditorClassIdentifier: 
  orientation: 0
--- !u!114 &114142587650160028
MonoBehaviour:
  m_ObjectHideFlags: 1
  m_PrefabParentObject: {fileID: 0}
  m_PrefabInternal: {fileID: 100100000}
  m_GameObject: {fileID: 1122780924300796}
  m_Enabled: 1
  m_EditorHideFlags: 0
  m_Script: {fileID: 11500000, guid: 2406264d72ffe6845b29e405874554ac, type: 3}
  m_Name: 
  m_EditorClassIdentifier: 
  width: 1
  height: 1
  mainVisual: {fileID: 0}
--- !u!114 &114395268599369528
MonoBehaviour:
  m_ObjectHideFlags: 1
  m_PrefabParentObject: {fileID: 0}
  m_PrefabInternal: {fileID: 100100000}
  m_GameObject: {fileID: 1122780924300796}
  m_Enabled: 1
  m_EditorHideFlags: 0
  m_Script: {fileID: 11500000, guid: fb6220fb366ddd541b249badb88d821c, type: 3}
  m_Name: 
  m_EditorClassIdentifier: 
  waySteps:
  - movementDirection: 2
    onlyLook: 0
    delay: 0.5
  - movementDirection: 2
    onlyLook: 0
    delay: 0.5
  - movementDirection: 2
    onlyLook: 0
    delay: 0.5
  - movementDirection: 0
    onlyLook: 0
    delay: 0.5
  - movementDirection: 0
    onlyLook: 0
    delay: 0.5
  - movementDirection: 0
    onlyLook: 0
    delay: 0.5
  - movementDirection: 1
    onlyLook: 0
    delay: 0.5
  - movementDirection: 1
    onlyLook: 0
    delay: 0.5
  - movementDirection: 3
    onlyLook: 0
    delay: 0.5
  - movementDirection: 1
    onlyLook: 0
    delay: 0.5
  - movementDirection: 3
    onlyLook: 0
    delay: 0.5
  - movementDirection: 3
    onlyLook: 0
    delay: 0.5
--- !u!114 &114401396265092770
MonoBehaviour:
  m_ObjectHideFlags: 1
  m_PrefabParentObject: {fileID: 0}
  m_PrefabInternal: {fileID: 100100000}
  m_GameObject: {fileID: 1122780924300796}
  m_Enabled: 1
  m_EditorHideFlags: 0
  m_Script: {fileID: 11500000, guid: f5170786109b5314e9bd6061588694ef, type: 3}
  m_Name: 
  m_EditorClassIdentifier: 
  defaultAnimation:
    sprites:
    - {fileID: 21300000, guid: e4613b80a2637d64fbd25ff4560e14c0, type: 3}
    fps: 1
--- !u!114 &114636172155759372
MonoBehaviour:
  m_ObjectHideFlags: 1
  m_PrefabParentObject: {fileID: 0}
  m_PrefabInternal: {fileID: 100100000}
  m_GameObject: {fileID: 1122780924300796}
  m_Enabled: 1
  m_EditorHideFlags: 0
  m_Script: {fileID: 11500000, guid: a7d43842d7f4eb34988602366065df48, type: 3}
  m_Name: 
  m_EditorClassIdentifier: 
  speed: 3
--- !u!114 &114829101570749920
MonoBehaviour:
  m_ObjectHideFlags: 1
  m_PrefabParentObject: {fileID: 0}
  m_PrefabInternal: {fileID: 100100000}
  m_GameObject: {fileID: 1122780924300796}
  m_Enabled: 1
  m_EditorHideFlags: 0
  m_Script: {fileID: 11500000, guid: 39e2c362704554d459dcf64714aea922, type: 3}
  m_Name: 
  m_EditorClassIdentifier: 
--- !u!212 &212519944110782088
SpriteRenderer:
  m_ObjectHideFlags: 1
  m_PrefabParentObject: {fileID: 0}
  m_PrefabInternal: {fileID: 100100000}
  m_GameObject: {fileID: 1122780924300796}
  m_Enabled: 1
  m_CastShadows: 0
  m_ReceiveShadows: 0
  m_DynamicOccludee: 1
  m_MotionVectors: 1
  m_LightProbeUsage: 0
  m_ReflectionProbeUsage: 0
  m_Materials:
  - {fileID: 10754, guid: 0000000000000000f000000000000000, type: 0}
  m_StaticBatchInfo:
    firstSubMesh: 0
    subMeshCount: 0
  m_StaticBatchRoot: {fileID: 0}
  m_ProbeAnchor: {fileID: 0}
  m_LightProbeVolumeOverride: {fileID: 0}
  m_ScaleInLightmap: 1
  m_PreserveUVs: 0
  m_IgnoreNormalsForChartDetection: 0
  m_ImportantGI: 0
  m_StitchLightmapSeams: 0
  m_SelectedEditorRenderState: 0
  m_MinimumChartSize: 4
  m_AutoUVMaxDistance: 0.5
  m_AutoUVMaxAngle: 89
  m_LightmapParameters: {fileID: 0}
  m_SortingLayerID: 0
  m_SortingLayer: 0
  m_SortingOrder: 0
  m_Sprite: {fileID: 21300000, guid: e4613b80a2637d64fbd25ff4560e14c0, type: 3}
  m_Color: {r: 1, g: 1, b: 1, a: 1}
  m_FlipX: 0
  m_FlipY: 0
  m_DrawMode: 0
  m_Size: {x: 1, y: 1}
  m_AdaptiveModeThreshold: 0.5
  m_SpriteTileMode: 0
  m_WasSpriteAssigned: 1
  m_MaskInteraction: 0
